	@inproceedings{flstd,
  title={Fast {LSTD} using stochastic approximation: Finite time analysis and application to traffic control},
  author={Prashanth, LA and Korda, Nathaniel and Munos, R{\'e}mi},
  booktitle={Joint European Conference on Machine Learning and Knowledge Discovery in Databases},
  pages={66--81},
  year={2014},
  organization={Springer}
}


@article{flstda,
  title={Fast {LSTD} using stochastic approximation: Finite time analysis and application to traffic control},
  author={Prashanth, LA and Korda, Nathaniel and Munos, R{\'e}mi},
  journal={arXiv preprint arXiv:1306.2557},
  year={2013}
}


@inproceedings{gtd,
  title={Fast gradient-descent methods for temporal-difference learning with linear function approximation},
  author={Sutton, Richard S and Maei, Hamid Reza and Precup, Doina and Bhatnagar, Shalabh and Silver, David and Szepesv{\'a}ri, Csaba and Wiewiora, Eric},
  booktitle={Proceedings of the 26th Annual International Conference on Machine Learning},
  pages={993--1000},
  year={2009},
  organization={ACM}
}


@inproceedings{lstdicml,
	Author = {Korda, Nathaniel and Prashanth, LA},
	Booktitle = {ICML},
	Date-Modified = {2017-05-18 19:27:48 +0000},
	Pages = {626--634},
	Title = {On {TD}(0) with function approximation: Concentration bounds and a centered variant with exponential convergence.},
	Year = {2015}
}




@article{lstdicmla,
	Author = {Korda, Nathaniel and Prashanth, LA},
	Title = {On {TD}(0) with function approximation: Concentration bounds and a centered variant with exponential convergence.},
 journal   = {CoRR},
  volume    = {abs/1411.3224},
  year      = {2014},
}

@article{gugan,
  author    = {Gal Dalal and
               Bal{\'{a}}zs Sz{\"{o}}r{\'{e}}nyi and
               Gugan Thoppe and
               Shie Mannor},
  title     = {Finite Sample Analysis for {TD(0)} with Linear Function Approximation},
  journal   = {CoRR},
  volume    = {abs/1704.01161},
  year      = {2017},
}
