%% This BibTeX bibliography file was created using BibDesk.
%% http://bibdesk.sourceforge.net/


%% Created for Csaba at 2017-05-18 15:30:47 -0400 


%% Saved with string encoding Unicode (UTF-8) 



@article{KoTsi03:LSA,
	Author = {Konda, Vijay R and Tsitsiklis, John N},
	Date-Added = {2017-05-18 19:30:12 +0000},
	Date-Modified = {2017-05-18 19:30:46 +0000},
	Journal = {Systems {\&} Control Letters},
	Number = {2},
	Pages = {95--102},
	Rating = {0},
	Title = {Linear stochastic approximation driven by slowly varying {M}arkov chains},
	Volume = {50},
	Year = {2003},
	Bdsk-File-1 = {YnBsaXN0MDDUAQIDBAUGJCVYJHZlcnNpb25YJG9iamVjdHNZJGFyY2hpdmVyVCR0b3ASAAGGoKgHCBMUFRYaIVUkbnVsbNMJCgsMDxJXTlMua2V5c1pOUy5vYmplY3RzViRjbGFzc6INDoACgAOiEBGABIAFgAdccmVsYXRpdmVQYXRoWWFsaWFzRGF0YV8QLi4uLy4uLy4uLy4uLy4uL2VsaWIvdW5zb3J0ZWQvc2RhcnRpY2xlKDE1KS5wZGbSFwsYGVdOUy5kYXRhTxEBlAAAAAABlAACAAAMTWFjaW50b3NoIEhEAAAAAAAAAAAAAAAAAAAAz9PyhkgrAAAAFraOEXNkYXJ0aWNsZSgxNSkucGRmAAAAAAAAAAAAAAAAAAAAAAAAAAAAAAAAAAAAAAAAAAAAAAAAAAAAAAAAAAAAAAAWvhTHgn7+AAAAAAAAAAAABQADAAAJIAAAAAAAAAAAAAAAAAAAAAh1bnNvcnRlZAAQAAgAAM/UKsYAAAARAAgAAMeCxU4AAAABABAAFraOABWWBAAPmjIAAmb5AAIAPE1hY2ludG9zaCBIRDpVc2VyczoAY3NhYmE6AGVsaWI6AHVuc29ydGVkOgBzZGFydGljbGUoMTUpLnBkZgAOACQAEQBzAGQAYQByAHQAaQBjAGwAZQAoADEANQApAC4AcABkAGYADwAaAAwATQBhAGMAaQBuAHQAbwBzAGgAIABIAEQAEgArVXNlcnMvY3NhYmEvZWxpYi91bnNvcnRlZC9zZGFydGljbGUoMTUpLnBkZgAAEwABLwAAFQACAAz//wAAgAbSGxwdHlokY2xhc3NuYW1lWCRjbGFzc2VzXU5TTXV0YWJsZURhdGGjHR8gVk5TRGF0YVhOU09iamVjdNIbHCIjXE5TRGljdGlvbmFyeaIiIF8QD05TS2V5ZWRBcmNoaXZlctEmJ1Ryb290gAEACAARABoAIwAtADIANwBAAEYATQBVAGAAZwBqAGwAbgBxAHMAdQB3AIQAjgC/AMQAzAJkAmYCawJ2An8CjQKRApgCoQKmArMCtgLIAssC0AAAAAAAAAIBAAAAAAAAACgAAAAAAAAAAAAAAAAAAALS},
	Bdsk-Url-1 = {http://linkinghub.elsevier.com/retrieve/pii/S0167691103001324},
	Bdsk-Url-2 = {http://dx.doi.org/10.1016/S0167-6911(03)00132-4}}

@inproceedings{LiMaTaBo16,
	Author = {Liang, Yitao and Machado, Marlos C. and Talvitie, Erik and Bowling, Michael H.},
	Booktitle = {AAMAS},
	Date-Added = {2017-05-18 17:20:34 +0000},
	Date-Modified = {2017-05-18 17:21:46 +0000},
	Pages = {485--493},
	Title = {State of the Art Control of Atari Games Using Shallow Reinforcement Learning},
	Year = {2016},
	Bdsk-Url-1 = {http://dl.acm.org/citation.cfm?id=2936996}}

@article{lihong,
	Author = {Du, Simon S and Chen, Jianshu and Li, Lihong and Xiao, Lin and Zhou, Dengyong},
	Journal = {arXiv preprint arXiv:1702.07944},
	Title = {Stochastic Variance Reduction Methods for Policy Evaluation},
	Year = {2017}}

@article{bach,
	Author = {Dieuleveut, Aymeric and Flammarion, Nicolas and Bach, Francis},
	Journal = {arXiv preprint arXiv:1602.05419},
	Title = {Harder, better, faster, stronger convergence rates for least-squares regression},
	Year = {2016}}

@article{polyak-judisky,
	Author = {Polyak, Boris T and Juditsky, Anatoli B},
	Journal = {SIAM Journal on Control and Optimization},
	Number = {4},
	Pages = {838--855},
	Publisher = {SIAM},
	Title = {Acceleration of stochastic approximation by averaging},
	Volume = {30},
	Year = {1992}}

@techreport{ruppert,
	Author = {Ruppert, David},
	Institution = {Cornell University Operations Research and Industrial Engineering},
	Title = {Efficient estimations from a slowly convergent Robbins-Monro process},
	Year = {1988}}

@book{borkarbook,
	Author = {Borkar, Vivek S.},
	Publisher = {Cambridge University Press},
	Title = {Stochastic Approximation: A Dynamical Systems Viewpoint},
	Year = {2008}}

@book{sutton,
	Author = {Sutton, Richard S and Barto, Andrew G},
	Number = {1},
	Publisher = {MIT press Cambridge},
	Title = {Reinforcement learning: An introduction},
	Volume = {1},
	Year = {1998}}

@article{konda-tsitsiklis,
	Author = {Tsitsiklis, John N and Van Roy, Benjamin},
	Journal = {Machine Learning},
	Number = {2},
	Pages = {179--191},
	Publisher = {Springer},
	Title = {On average versus discounted reward temporal-difference learning},
	Volume = {49},
	Year = {2002}}

@inproceedings{gtd,
	Author = {Sutton, Richard S and Maei, Hamid R and Szepesv{\'a}ri, Csaba},
	Booktitle = {Advances in neural information processing systems},
	Date-Modified = {2017-05-18 19:28:28 +0000},
	Pages = {1609--1616},
	Title = {A Convergent $O(n)$ Temporal-difference Algorithm for Off-policy Learning with Linear Function Approximation},
	Year = {2009}}

@inproceedings{gtd2,
	Author = {Sutton, Richard S and Maei, Hamid Reza and Precup, Doina and Bhatnagar, Shalabh and Silver, David and Szepesv{\'a}ri, Csaba and Wiewiora, Eric},
	Booktitle = {Proceedings of the 26th Annual International Conference on Machine Learning},
	Date-Modified = {2017-05-18 19:28:18 +0000},
	Pages = {993--1000},
	Title = {Fast gradient-descent methods for temporal-difference learning with linear function approximation},
	Year = {2009}}

@inproceedings{gtdmp,
	Author = {Liu, Bo and Liu, Ji and Ghavamzadeh, Mohammad and Mahadevan, Sridhar and Petrik, Marek},
	Booktitle = {UAI},
	Date-Modified = {2017-05-18 19:28:07 +0000},
	Pages = {504--513},
	Title = {Finite-Sample Analysis of Proximal Gradient TD Algorithms},
	Year = {2015}}

@inproceedings{bachaistats,
	Author = {D{\'e}fossez, Alexandre and Bach, Francis},
	Booktitle = {Artificial Intelligence and Statistics},
	Pages = {205--213},
	Title = {Averaged least-mean-squares: Bias-variance trade-offs and optimal sampling distributions},
	Year = {2015}}

@book{kushner,
	Author = {Kushner, Harold Joseph and Clark, Dean S},
	Publisher = {Springer Science \& Business Media},
	Title = {Stochastic approximation methods for constrained and unconstrained systems},
	Volume = {26},
	Year = {2012}}

@inproceedings{korda-prashanth,
	Author = {Korda, Nathaniel and Prashanth, LA},
	Booktitle = {ICML},
	Date-Modified = {2017-05-18 19:27:48 +0000},
	Pages = {626--634},
	Title = {On {TD}(0) with function approximation: Concentration bounds and a centered variant with exponential convergence.},
	Year = {2015}}

@inproceedings{ilstd,
	Author = {Geramifard, Alborz and Bowling, Michael and Sutton, Richard S},
	Booktitle = {Proceedings of the National Conference on Artificial Intelligence},
	Date-Modified = {2017-05-18 19:27:58 +0000},
	Number = {1},
	Pages = {356},
	Title = {Incremental least-squares temporal difference learning},
	Volume = {21},
	Year = {2006}}

@article{dann,
	Author = {Dann, Christoph and Neumann, Gerhard and Peters, Jan},
	Journal = {Journal of Machine Learning Research},
	Number = {1},
	Pages = {809--883},
	Title = {Policy evaluation with temporal differences: a survey and comparison.},
	Volume = {15},
	Year = {2014}}

@incollection{lange,
	Author = {Lange, Sascha and Gabel, Thomas and Riedmiller, Martin},
	Booktitle = {Reinforcement learning},
	Pages = {45--73},
	Publisher = {Springer},
	Title = {Batch reinforcement learning},
	Year = {2012}}

@article{lin,
	Author = {Lin, Long-Ji},
	Journal = {Machine learning},
	Number = {3-4},
	Pages = {293--321},
	Publisher = {Springer},
	Title = {Self-improving reactive agents based on reinforcement learning, planning and teaching},
	Volume = {8},
	Year = {1992}}

@inproceedings{bach-moulines,
	Author = {Bach, Francis R and Moulines, Eric},
	Booktitle = {Advances in Neural Information Processing Systems},
	Pages = {451--459},
	Title = {Non-asymptotic analysis of stochastic approximation algorithms for machine learning},
	Year = {2011}}
	
	@inproceedings{logexp,
	Author = {Gerencseer, L and R{\'a}sonyi, Mikl{\'o}s and Szepesv{\'a}ri, Cs and V{\'a}g{\'o}, Zs},
	Booktitle = {Proceedings of the 44th IEEE Conference on Decision and Control},
	Organization = {IEEE},
	Pages = {1764--1769},
	Title = {Log-optimal currency portfolios and control Lyapunov exponents},
	Year = {2005}}
	
	
	
@article{kesten,
  title={Products of random matrices},
  author={Furstenberg, Harry and Kesten, Harry},
  journal={The Annals of Mathematical Statistics},
  volume={31},
  number={2},
  pages={457--469},
  year={1960},
  publisher={JSTOR}
}

@inproceedings{dab,
  title={Adaptive Step-Size for Online Temporal Difference Learning.},
  author={Dabney, William and Barto, Andrew G},
  year={2012}
}
@ONLINE{issues,
  title={Finite Time Bounds for Temporal Difference Learning with Function Approximation: Problems with some ``state-of-the-art'' results},
  author={Lakshminarayanan, Chandrashekar and Szepesva\'ri, Csaba},
  year={2017}
  url={https://sites.ualberta.ca/~szepesva/papers/TD-issues17.pdf}
}

@article{dalal,
  title={Concentration Bounds for Two Timescale Stochastic Approximation with Applications to Reinforcement Learning},
  author={Dalal, Gal and Szorenyi, Balazs and Thoppe, Gugan and Mannor, Shie},
  journal={arXiv preprint arXiv:1703.05376},
  year={2017}
}